@book{sde,
	title={Solving Ordinary Differential Equations I},
	author={Hairer, E. and Nørsett, S. P. and Wanner, G.},
	year={2008},
	publisher={Springer}
}
@book{nm,
	title={Numerical Mathematics},
	author={Quarteroni, A. and Sacco, R. and Saleri, F.},
	year={1991},
	publisher={Springer}
}
@article{ball-convexity,
	title={Convexity conditions and existence theorems in nonlinear elasticity},
	author={Ball, J.M.},
	journal={Arch. Rational Mech. Anal.},
	volume={63},
	pages={337--403},
	year={1976},
	publisher={Springer}
}
@unpublished{truss-structures,
	title={The mechanics and thermodynamics of truss structures},
	author={Ardini, B.},
	year={2024},
}
@book{ekeland-temam,
	title={Convex Analysis and Variational Problems},
	author={Ekeland, I. and Témam, R.},
	year={1999},
	publisher={SIAM}
}
@book{evans,
	title={Partial Differential Equations},
	author={Evans, L.C.},
	year={1999},
	publisher={AMS}
}
@book{gurtin-anand-fried,
	title={The Mechanics and Thermodynamics of Continua},
	author={Gurtin, M.E. and Fried, E. and Anand, L.},
	year={2010},
	publisher={Cambridge University Press}
}
@book{gurtin,
	title={An Introduction to Continuum Mechanics},
	author={Gurtin, M.E.},
	year={1981},
	publisher={Academic Press, Inc.}
}
@article{green,
	title={On the laws of reflection and refraction of light at the common surface of two non-crystallised media},
	author={Green, G.},
	journal={Trans. Cambridge Phil. Soc.},
	volume={7},
	pages={245--269},
	year={1839}
}
@book{hadamard,
	title={Leçons sur la Propagation des Ondes et les \'Equations de l'Hydrodynamique},
	author={Hadamard, J.},
	publisher={Hermann},
	year={1903}
}
@article{hellinger,
	title={Die allgemeinen Ans\"atze der Mechanick der Kontinua},
	author={Hellinger, E.},
	journal={Enz. Math. Wiss.},
	volume={4},
	pages={602--694},
	year={1914}
}
@inbook{open-problems,
	title={Some open problems in elasticity},
	author={Ball, J.M.},
	date={2002},
	booktitle={Geometry, Mechanics, and Dynamics},
	publisher={Springer},
	pages={3--59}
}
@inproceedings{constitutive,
	title={Constitutive inequalities and existence theorems in nonlinear  elastostatics},
	author={Ball, J.M.},
	editor={Knops R.J.},
	date={1977},
	booktitle={Nonlinear Analysis and Mechanics},
	volume={1},
	publisher={Pitman}
}
@book{silhavy,
	title={The Mechanics and Thermodynamics of Continuous Media},
	author={Šilhavý, M.},
	publisher={Springer},
	year={1997}
}
@book{bonet-wood,
	title={Nonlinear Continuum Mechanics for Finite Element Analysis},
	author={Bonet, J. and Wood, R.D.},
	publisher={Cambridge University Press},
	year={2008}
}
@book{morrey,
	title={Multiple Integrals in the Calculus of Variations},
	author={Morrey, C.B.},
	publisher={Springer},
	year={1966}
}